@inproceedings{DBLP:conf/pepm/GodiksenHHLO21,
  author    = {Christian Godiksen and
               Thomas Herrmann and
               Hans H{\"{u}}ttel and
               Mikkel Korup Lauridsen and
               Iman Owliaie},
  editor    = {Sam Lindley and
               Torben {\AE}. Mogensen},
  title     = {A type-safe structure editor calculus},
  booktitle = {Proceedings of the 2021 {ACM} {SIGPLAN} Workshop on Partial Evaluation
               and Program Manipulation, PEPM@POPL 2021, Virtual Event, Denmark,
               January 18-19, 2021},
  pages     = {1--13},
  publisher = {{ACM}},
  year      = {2021},
  url       = {https://doi.org/10.1145/3441296.3441393},
  doi       = {10.1145/3441296.3441393},
  timestamp = {Tue, 19 Jan 2021 16:52:33 +0100},
  biburl    = {https://dblp.org/rec/conf/pepm/GodiksenHHLO21.bib},
  bibsource = {dblp computer science bibliography, https://dblp.org}
}